<?xml version="1.0" encoding="UTF-8"?><collection xmlns="http://www.loc.gov/MARC21/slim"><record><leader>00388nam--2200121-i-4500</leader><controlfield tag="001">000014660</controlfield><controlfield tag="002">20161230</controlfield><controlfield tag="005">20161230201030</controlfield><controlfield tag="008">060222s1000------------r-----000-0-eng-d</controlfield><datafield ind1=" " ind2=" " tag="100"><subfield code="a">Bourg,Marcel</subfield></datafield><datafield ind1=" " ind2=" " tag="245"><subfield code="a">Determination de la structure de couches minces transparentes par des methodes optiques etude theoriques de leur formation.these</subfield></datafield><datafield ind1=" " ind2=" " tag="260"><subfield code="a">Paris,Universite,1963. 36p</subfield></datafield><datafield ind1=" " ind2=" " tag="852"><subfield code="a">77970</subfield></datafield></record></collection>